@article{Crum2003,
author = {Crum, W.R and Griffin, L.D and Hill, D.L.G and Hawkes, D.J},
doi = {10.1016/j.neuroimage.2003.07.014},
file = {:Users/clwyatt/Documents/PDFs/Crum et al.\_2003\_Zen and the art of medical image registration correspondence, homology, and quality.pdf:pdf},
issn = {10538119},
journal = {NeuroImage},
keywords = {Registration},
mendeley-tags = {Registration},
month = nov,
number = {3},
pages = {1425--1437},
title = {{Zen and the art of medical image registration: correspondence, homology, and quality}},
url = {http://linkinghub.elsevier.com/retrieve/pii/S1053811903004154},
volume = {20},
year = {2003}
}

@article{Aghasi2011,
author = {Aghasi, Alireza and Kilmer, Misha and Miller, Eric L},
doi = {10.1137/100800208},
file = {:Users/clwyatt/Documents/PDFs/Aghasi, Kilmer, Miller\_2011\_Parametric Level Set Methods for Inverse Problems.pdf:pdf},
issn = {19364954},
journal = {SIAM Journal on Imaging Sciences},
keywords = {1,10,100800208,1137,65j08,65j20,65j22,ams subject classifications,and engineering,doi,introduction,inverse problems,inverse problems arise in,many applications of science,parametric level set methods,shape-based methods},
number = {2},
pages = {618},
title = {{Parametric Level Set Methods for Inverse Problems}},
url = {http://link.aip.org/link/SJISBI/v4/i2/p618/s1\&Agg=doi},
volume = {4},
year = {2011}
}
